@book{Goodfellow2016,
    title={Deep Learning},
    author={Ian Goodfellow and Yoshua Bengio and Aaron Courville},
    publisher={MIT Press},
    url={http://www.deeplearningbook.org},
    year={2016}
}

@book{Blitzstein2014,
  title={Introduction to Probability},
  author={Blitzstein, J.K. and Hwang, J.},
  isbn={9781466575592},
  lccn={2014022709},
  series={Chapman \& Hall/CRC Texts in Statistical Science},
  url={https://books.google.co.uk/books?id=z2POBQAAQBAJ},
  year={2014},
  publisher={CRC Press}
}

@article{Mller2007,
  doi = {10.1521/soco.2007.25.1.165},
  url = {https://doi.org/10.1521/soco.2007.25.1.165},
  year = {2007},
  month = feb,
  publisher = {Guilford Publications},
  volume = {25},
  number = {1},
  pages = {165--184},
  author = {Patrick A. M\"{u}ller and Dagmar Stahlberg},
  title = {The Role of Surprise in Hindsight Bias: A Metacognitive Model of Reduced and Reversed Hindsight Bias},
  journal = {Social Cognition}
}

@article{Schkade1991,
  doi = {10.1016/0749-5978(91)90044-t},
  url = {https://doi.org/10.1016/0749-5978(91)90044-t},
  year = {1991},
  month = jun,
  publisher = {Elsevier {BV}},
  volume = {49},
  number = {1},
  pages = {105--123},
  author = {David A Schkade and Lynda M Kilbourne},
  title = {Expectation-outcome consistency and hindsight bias},
  journal = {Organizational Behavior and Human Decision Processes}
}

@article{Soroka2019,
  doi = {10.1073/pnas.1908369116},
  url = {https://doi.org/10.1073/pnas.1908369116},
  year = {2019},
  month = sep,
  publisher = {Proceedings of the National Academy of Sciences},
  volume = {116},
  number = {38},
  pages = {18888--18892},
  author = {Stuart Soroka and Patrick Fournier and Lilach Nir},
  title = {Cross-national evidence of a negativity bias in psychophysiological reactions to news},
  journal = {Proceedings of the National Academy of Sciences}
}
